<?xml version="1.0" encoding="UTF-8"?><record xmlns="http://www.loc.gov/MARC21/slim" xmlns:cinclude="http://apache.org/cocoon/include/1.0" xmlns:zs="http://www.loc.gov/zing/srw/">
  <leader>00767cz  a2200145n  4500</leader>
  <controlfield tag="001">n  88653512 </controlfield>
  <controlfield tag="003">DLC</controlfield>
  <controlfield tag="005">20080229073515.0</controlfield>
  <controlfield tag="008">880804n| acannaabn          |a and      </controlfield>
  <datafield tag="010" ind1=" " ind2=" ">
    <subfield code="a">n  88653512 </subfield>
  </datafield>
  <datafield tag="035" ind1=" " ind2=" ">
    <subfield code="a">(OCoLC)oca02334764</subfield>
  </datafield>
  <datafield tag="040" ind1=" " ind2=" ">
    <subfield code="a">DLC</subfield>
    <subfield code="b">eng</subfield>
    <subfield code="c">DLC</subfield>
    <subfield code="d">DLC</subfield>
    <subfield code="d">OCoLC</subfield>
  </datafield>
  <datafield tag="110" ind1="2" ind2=" ">
    <subfield code="a">University of California, Berkeley.</subfield>
    <subfield code="b">Computer Systems Research Group</subfield>
  </datafield>
  <datafield tag="410" ind1="2" ind2=" ">
    <subfield code="a">University of California, Berkeley.</subfield>
    <subfield code="b">Computer Science Division.</subfield>
    <subfield code="b">Computer Systems Research Group</subfield>
  </datafield>
  <datafield tag="670" ind1=" " ind2=" ">
    <subfield code="a">nuc88-90966: UNIX programmer's reference manual (PRM), c1986-</subfield>
    <subfield code="b">(hdg. on WU rept.: University of California, Berkeley. Computer Systems Research Group; usage: Computer Systems Research Group, Computer Science Division, Dept. of Electrical Engineering and Computer Science, University of California)</subfield>
  </datafield>
</record>